@article {Hansma209,
	author = {Hansma, PK and Elings, VB and Marti, O and Bracker, CE},
	title = {Scanning tunneling microscopy and atomic force microscopy: application to biology and technology},
	volume = {242},
	number = {4876},
	pages = {209--216},
	year = {1988},
	doi = {10.1126/science.3051380},
	journal = {Science},
}

@article{Fisher1936,
author = {Fisher, R. A.},
title = {THE USE OF MULTIPLE MEASUREMENTS IN TAXONOMIC PROBLEMS},
journal = {Annals of Eugenics},
volume = {7},
number = {2},
pages = {179-188},
doi = {10.1111/j.1469-1809.1936.tb02137.x},
year = {1936}
}

@online{pystem,
  author = {},
  title = {https://pypi.org/project/pystem/},
}

@online{github,
  author = {},
  title = {https://github.com/NingWang1990/pySTEM},
}

@article{scikit-learn,
 title={Scikit-learn: Machine Learning in {P}ython},
 author={Pedregosa, F. and Varoquaux, G. and Gramfort, A. and Michel, V.
         and Thirion, B. and Grisel, O. and Blondel, M. and Prettenhofer, P.
         and Weiss, R. and Dubourg, V. and Vanderplas, J. and Passos, A. and
         Cournapeau, D. and Brucher, M. and Perrot, M. and Duchesnay, E.},
 journal={Journal of Machine Learning Research},
 volume={12},
 pages={2825--2830},
 year={2011}
}

}

@book{ITA2002,
  author = {IUCr},
  editor = {M. I. Aroyo},
  edition = {5. revised edition},
  publisher = {Kluwer Academic Publishers},
  series = {International Tables for Crystallography},
  title = {International Tables for Crystallography, Volume A: Space Group Symmetry},
  year = 2002
}




@article {Sergei2015,
	author = {Belianinov, A and Vasudevan, R and Strelcov, E and Steed, C and Yang, SM and Tselev, A and Jesse, S and Biegalski, M and Shipman, G and Symons, C and Borisevich, A and Archibald, R and Kalinin, S},
	title = {Big data and deep data in scanning and electron microscopies: deriving functionality from multidimensional data sets},
	volume = {1},
	number = {6},
	year = {2015},
	doi = {10.1186/s40679-015-0006-6},
	journal = {Advanced structural and chemical imaging},
}

@article {Kaufmann2020,
	author = {Kaufmann, Kevin and Zhu, Chaoyi and Rosengarten, Alexander S. and Maryanovsky, Daniel and Harrington, Tyler J. and Marin, Eduardo and Vecchio, Kenneth S.},
	title = {Crystal symmetry determination in electron diffraction using machine learning},
	volume = {367},
	number = {6477},
	pages = {564--568},
	year = {2020},
	doi = {10.1126/science.aay3062},
	journal = {Science},
}
@article{Sergei2019, 
title={Lab on a beamâ€”Big data and artificial intelligence in scanning transmission electron microscopy}, 
volume={44}, 
DOI={10.1557/mrs.2019.159}, 
number={7}, 
journal={MRS Bulletin}, 
author={Kalinin, Sergei V. and Lupini, Andrew R. and Dyck, Ondrej and Jesse, Stephen and Ziatdinov, Maxim and Vasudevan, Rama K.}, 
year={2019}, 
pages={565--575}
}

@misc{Sergei2020,
    title={Robust multi-scale multi-feature deep learning for atomic and defect identification in Scanning Tunneling Microscopy on H-Si(100) 2x1 surface},
    author={Maxim Ziatdinov and Udi Fuchs and James H. G. Owen and John N. Randall and Sergei V. Kalinin},
    year={2020},
    archivePrefix={arXiv},
}

@misc{Sergei2018,
    title={Feature extraction via similarity search: application to atom finding and denoising in electron and scanning probe microscopy imaging},
    author={Suhas Somnath and Christopher R. Smith and Sergei V. Kalinin and Miaofang Chi and Albina Borisevich and Nicholas Cross and Gerd Duscher and Stephen Jesse},
    year={2018},
	volume = {4},
	number = {3},
	doi = {https://doi.org/10.1186/s40679-018-0052-y},
	journal = {Advanced structural and chemical imaging},
}

@article{Jany2020,
title = "Automatic microscopic image analysis by moving window local Fourier Transform and Machine Learning",
journal = "Micron",
volume = "130",
pages = "102800",
year = "2020",
issn = "0968-4328",
doi = "https://doi.org/10.1016/j.micron.2019.102800",
author = "Benedykt R. Jany and Arkadiusz Janas and Franciszek Krok",
}

@article{Ignacio2017,
    author = {Arganda-Carreras, Ignacio and Kaynig, Verena and Rueden, Curtis and Eliceiri, Kevin W and Schindelin, Johannes and Cardona, Albert and Sebastian Seung, H},
    title = "{Trainable Weka Segmentation: a machine learning tool for microscopy pixel classification}",
    journal = {Bioinformatics},
    volume = {33},
    number = {15},
    pages = {2424-2426},
    year = {2017},
    month = {03},
    doi = {10.1093/bioinformatics/btx180},
}


@article{Belevich2016,
    author = {Ilya Belevich and Merja Joensuu and Darshan Kumar and Helena Vihinen and Eija Jokitalo},
    title = {Microscopy Image Browser: A Platform for Segmentation and Analysis of Multidimensional Datasets},
    journal = {PLoS biology},
    volume = {14},
    number = {1},
    pages = {e1002340},
    year = {2016},
    doi = {10.1371/journal.pbio.1002340},
}

@article{Navlakha2013,
    author = {Saket Navlakha and Parvez Ahammad and Eugene W Myers},
    title = {Unsupervised segmentation of noisy electron microscopy images using salient watersheds and region merging},
    journal = {BMC Bioinformatics},
    volume = {14},
    number = {294},
    year = {2013},
    doi = {https://doi.org/10.1186/1471-2105-14-294}
    }
    
@inproceedings{Lecun2010,
title = "A theoretical analysis of feature pooling in visual recognition",
author = "Boureau, {Y. Lan} and Jean Ponce and Yann Lecun",
year = "2010",
isbn = "9781605589077",
series = "ICML 2010 - Proceedings, 27th International Conference on Machine Learning",
pages = "111--118",
booktitle = "ICML 2010 - Proceedings, 27th International Conference on Machine Learning"
}

@inproceedings{kmeans1967,
address = "Berkeley, Calif.",
author = "MacQueen, J.",
booktitle = "Proceedings of the Fifth Berkeley Symposium on Mathematical Statistics and Probability, Volume 1: Statistics",
pages = "281--297",
publisher = "University of California Press",
title = "Some methods for classification and analysis of multivariate observations",
url = "https://projecteuclid.org/euclid.bsmsp/1200512992",
year = "1967"
}

@INPROCEEDINGS{kmeans2007,
    author = {David Arthur and Sergei Vassilvitskii},
    title = {K-means++: the advantages of careful seeding},
    booktitle = {In Proceedings of the 18th Annual ACM-SIAM Symposium on Discrete Algorithms},
    year = {2007}
}
    
@ARTICLE{Dang2019,
AUTHOR={Vu, Quoc Dang and Graham, Simon and Kurc, Tahsin and To, Minh Nguyen Nhat and Shaban, Muhammad and Qaiser, Talha and Koohbanani, Navid Alemi and Khurram, Syed Ali and Kalpathy-Cramer, Jayashree and Zhao, Tianhao and Gupta, Rajarsi and Kwak, Jin Tae and Rajpoot, Nasir and Saltz, Joel and Farahani, Keyvan},   
TITLE={Methods for Segmentation and Classification of Digital Microscopy Tissue Images},      
JOURNAL={Frontiers in Bioengineering and Biotechnology},      
VOLUME={7},      
PAGES={53},     
YEAR={2019},      
DOI={10.3389/fbioe.2019.00053},      
}

@article{Sadowski2006, 
    title={Comparison of Common Segmentation Techniques Applied to Transmission Electron Microscopy Images},
    volume={982}, DOI={10.1557/PROC-0982-KK07-04}, journal={MRS Proceedings},  author={Sadowski, Thomas and Broadbridge, Christine C. and Daponte, John}, 
    year={2006}, 
    }
@inproceedings{Mancas2005,
author = {Matei Mancas and Bernard Gosselin and Benoit Macq},
title = {{Segmentation using a region-growing thresholding}},
volume = {5672},
booktitle = {Image Processing: Algorithms and Systems IV},
editor = {Edward R. Dougherty and Jaakko T. Astola and Karen O. Egiazarian},
organization = {International Society for Optics and Photonics},
publisher = {SPIE},
pages = {388 -- 398},
keywords = {distance, segmentation, medical imaging, parotid glands, tumors, spinal cord},
year = {2005},
doi = {10.1117/12.587995},
}


@ARTICLE{Nock2004, author={R. {Nock} and F. {Nielsen}}, journal={IEEE Transactions on Pattern Analysis and Machine Intelligence}, title={Statistical region merging}, year={2004}, volume={26}, number={11}, pages={1452-1458},}

@article{Borodinov2020,
author = {Borodinov,Nikolay  and Tsai,Wan-Yu  and Korolkov,Vladimir V.  and Balke,Nina  and Kalinin,Sergei V.  and Ovchinnikova,Olga S. },
title = {Machine learning-based multidomain processing for texture-based image segmentation and analysis},
journal = {Applied Physics Letters},
volume = {116},
number = {4},
pages = {044103},
year = {2020},
doi = {10.1063/1.5135328},
}


@INPROCEEDINGS{Hauagge2012, 
author={D. C. {Hauagge} and N. {Snavely}}, 
booktitle={2012 IEEE Conference on Computer Vision and Pattern Recognition}, 
title={Image matching using local symmetry features}, 
year={2012}, 
volume={}, 
number={}, 
pages={206-213},}